<record xmlns:xsi="http://www.w3.org/2001/XMLSchema-instance" xmlns="http://www.loc.gov/MARC21/slim" xsi:schemaLocation="http://www.loc.gov/MARC21/slim http://www.loc.gov/standards/marcxml/schema/MARC21slim.xsd">

  <leader>00616nam a2200169Ia 4500</leader>
  <datafield ind1=" " ind2=" " tag="999">
    <subfield code="c">1987</subfield>
    <subfield code="d">1987</subfield>
  </datafield>
  <controlfield tag="008">180704b1986    cr ||||| |||| 00| | spa d</controlfield>
  <datafield tag="090" ind2=" " ind1=" ">
    <subfield code="a">06.06.01 </subfield>
    <subfield code="b">136</subfield>
  </datafield>
  <datafield ind2=" " ind1=" " tag="100">
    <subfield code="a">Méndez Barrantes, Zayra</subfield>
    <subfield code="9">2957</subfield>
  </datafield>
  <datafield ind2="0" ind1="1" tag="245">
    <subfield code="a">Niños bien dotados, superdotados y talentosos / </subfield>
    <subfield code="c">Zayra Méndez Barrantes, Aida María Mainieri Hidalgo</subfield>
  </datafield>
  <datafield ind1=" " ind2=" " tag="260">
    <subfield code="a">San José, C.R. : </subfield>
    <subfield code="b">IIMEC, </subfield>
    <subfield code="c">1986</subfield>
  </datafield>
  <datafield ind1=" " ind2=" " tag="300">
    <subfield code="a">8 páginas</subfield>
  </datafield>
  <datafield ind2=" " ind1=" " tag="500">
    <subfield code="a">Programa de investigación epistemología, genética y educación</subfield>
  </datafield>
  <datafield ind1="1" ind2="4" tag="650">
    <subfield code="a">NIÑOS</subfield>
    <subfield code="9">59</subfield>
  </datafield>
  <datafield ind2="4" ind1="1" tag="650">
    <subfield code="a">DESARROLLO DE LA PERSONALIDAD</subfield>
    <subfield code="9">907</subfield>
  </datafield>
  <datafield ind2=" " ind1=" " tag="700">
    <subfield code="a">Mainieri Hidalgo, Aida María</subfield>
    <subfield code="9">3534</subfield>
  </datafield>
  <datafield ind2=" " ind1=" " tag="942">
    <subfield code="2">z</subfield>
    <subfield code="c">04</subfield>
  </datafield>
</record>